@online{scipy,
author = {The Scipy community},
title = {SciPy},
month = May,
year = {2013},
note = {v0.12},s
url = {http://www.scipy.org/scipylib/index.html}
}

@online{numpy1.7.1,
author = {The Scipy community},
title = {NumPy},
month = Feb,
year = {2013},
note = {v1.7.1},
url = {http://www.numpy.org/}
}
