@book{judd1998,
  title={Numerical Methods in Economics},
  author={Judd, K.L.},
  isbn={9780262100717},
  lccn={98013591},
  url={http://books.google.com/books/about/Numerical_Methods_in_Economics.html?id=9Wxk_z9HskAC},
  year={1998},
  publisher={MIT Press}
}
